% Encoding: UTF-8
% 1. 知乎专栏
@misc{zhihu_ragas,
  title        = {“RAG评估新工具 RAGAS 的使用与指标详解”},
  howpublished = {\url{https://zhuanlan.zhihu.com/p/676192377}},
  note         = {Accessed~15~May~2025},
  year         = {2025}
}

% 2. Mistral 7B 公告
@online{mistral7b_announce,
  author       = {{Mistral AI}},
  title        = {Announcing Mistral 7B},
  year         = {2023},
  month        = sep,
  day          = {27},
  url          = {https://mistral.ai/news/announcing-mistral-7b}
}

% 3. PubMed 官方站点
@online{pubmed_site,
  author       = {{National Library of Medicine}},
  title        = {PubMed},
  note         = {U.S. National Library of Medicine},
  url          = {https://pubmed.ncbi.nlm.nih.gov/},
  year         = {n.d.},
  urldate      = {2025-05-15}
}

% 4. RAGAS Available Metrics 文档
@online{ragas_metrics,
  author       = {Ragas},
  title        = {Available Metrics},
  year         = {2025},
  url          = {https://docs.ragas.io/en/latest/concepts/metrics/available_metrics/},
  urldate      = {2025-05-15}
}